% 2. Funktionaalinen ohjelmointi

@article{hudak,
    title={Conception, Evolution, and Application of Functional Programming Languages},
    author={Hudak, Paul},
    year={1989},
    publisher={ACM Computing Surveys},
    volume={21}
}

@article{purelyFunctional,
    title={What is a purely functional language?},
    author={Sabry, Amr},
    year={1998},
    journal={Journal of Functional Programming},
    publisher={Cambridge University Press}
}

@book{learnhaskell,
    title={Learn You a Haskell for Great Good!: A Beginner's Guide},
    author={Miran Lipovaca},
    year={2011},
    publisher={No Starch Press}
}

@article{lambdacalculus,
    title={History of Lambda-calculus and Combinatory Logic},
    author={Cardone, Felice and Hindley, J. Roger},
    year={2006},
    journal={Handbook of the History of Logic, vol. 5},
    publisher={Elsevier}
}

@book{functionalreact,
    title={Learning React: Functional Web Development with React and Redux},
    author={Banks, Alex and Porcello, Eve},
    year={2017},
    publisher={O'Reilly Media, Inc}
}

@book{languagedesign,
    title={Programming Language Design Concepts},
    author={Watt, David A.},
    year={2006},
    publisher={Wiley}
}

@inproceedings{functionaljava,
    title={Verifiable Functional Purity in Java},
    author={Finifter, Matthew and Mettler, Adrian and Sastry, Naveen and Wagner, David},
    year={2008},
    publisher={University of California}
}

@thesis{functionaldatastructures,
    title={Purely Functional Data Structures},
    author={Okasaki, Chris},
    year={1996},
    publisher={Carnegie Mellon University}
}

% 3. Web-kehitys

@book{javascriptguide,
    title={JavaScript â€“ The definitive guide (6 ed.)},
    author={Flanagan, David},
    year={2016},
    publisher={O'Reilly Media, Inc}
}

@thesis{staticdynamicwebsites,
    title={From Static and Dynamic Websites to Static Site Generators},
    author={Pettersen, Hillar},
    year={2016},
    publisher={University of Tartu}
}

@book{fullstackdeveloper,
    title={The Full Stack Developer},
    author={Northwood, Chris},
    year={2018},
    publisher={APress}
}

@book{bignerdfrontend,
    title={Front-End Web Development: The Big Nerd Ranch Guide},
    author={Aquino, Chris and Gandee, Todd},
    year={2016},
    publisher={Big Nerd Ranch}
}

@book{functionalwebdev,
    title={Functional Web Development with Elixir, OTP, and Phoenix},
    author={Halvorsen, Lance},
    year={2018},
    publisher={The Pragmatic Programmers}
}

@online{elmlang,
    title={Elm website},
    author={Czaplicki, Evan},
    year={2020},
    addendum={(accessed: 17.05.2020)},
    url={https://elm-lang.org}
}

@online{reactjs,
    title={React website},
    author={{Facebook Inc.}},
    year={2020},
    url={https://reactjs.org},
    addendum={(accessed: 18.07.2020)}
}

@article{fpmattered,
    title={How functional programming mattered},
    author={Hu, Zhenjiang and Hughes, John and Wang, Meng},
    year={2015},
    publisher={Oxford University Press}
}

% 4. Funktionaaliset frontend-ohjelmistokehykset

@online{npmtrends,
    title={NPM Trends},
    author={Potter, John},
    year={2020},
    url={https://www.npmtrends.com/},
    addendum={(accessed: 18.07.2020)}
}