@article{hudak,
    title={Conception, Evolution, and Application of Functional Programming Languages},
    author={Hudak, Paul},
    year={1989},
    publisher={ACM Computing Surveys}
}
